<?xml version="1.0" encoding="UTF-8"?><record xmlns="http://www.loc.gov/MARC21/slim" xmlns:cinclude="http://apache.org/cocoon/include/1.0" xmlns:zs="http://www.loc.gov/zing/srw/">
  <leader>00504cz  a2200157n  4500</leader>
  <controlfield tag="001">n  80063549 </controlfield>
  <controlfield tag="003">DLC</controlfield>
  <controlfield tag="005">20090826074833.0</controlfield>
  <controlfield tag="008">800708nc acannaabn          |a aaa      </controlfield>
  <datafield tag="010" ind1=" " ind2=" ">
    <subfield code="a">n  80063549 </subfield>
  </datafield>
  <datafield tag="035" ind1=" " ind2=" ">
    <subfield code="a">(OCoLC)oca00445163</subfield>
  </datafield>
  <datafield tag="040" ind1=" " ind2=" ">
    <subfield code="a">DLC</subfield>
    <subfield code="b">eng</subfield>
    <subfield code="c">DLC</subfield>
    <subfield code="d">OCoLC</subfield>
    <subfield code="d">DLC</subfield>
  </datafield>
  <datafield tag="100" ind1="1" ind2=" ">
    <subfield code="a">Cai, Heng.</subfield>
    <subfield code="t">Chu ru kou shang ye shi wu</subfield>
  </datafield>
  <datafield tag="400" ind1="1" ind2=" ">
    <subfield code="a">Cai, Heng.</subfield>
    <subfield code="t">Techniques of import &amp; export trade</subfield>
  </datafield>
  <datafield tag="400" ind1="1" ind2=" ">
    <subfield code="w">nnea</subfield>
    <subfield code="a">Tsʻai, Heng.</subfield>
    <subfield code="t">Chʻu ju kʻou shang yeh shih wu</subfield>
  </datafield>
  <datafield tag="670" ind1=" " ind2=" ">
    <subfield code="a">His Chʻu ju kʻou shang yeh shih wu, 1960.</subfield>
  </datafield>
</record>